<record><leader>00000cas a22000007a 4500</leader><controlfield tag="001">12565098</controlfield><controlfield tag="008">850917d18641864gaudr ne      0    0eng d</controlfield><datafield ind1=" " ind2=" " tag="010"><subfield code="a">sn 85034217 </subfield></datafield><datafield ind1=" " ind2=" " tag="040"><subfield code="a">NPU</subfield><subfield code="b">eng</subfield><subfield code="c">NPU</subfield><subfield code="d">NPY</subfield><subfield code="d">NPX</subfield><subfield code="d">OCLCQ</subfield></datafield><datafield ind1=" " ind2=" " tag="042"><subfield code="a">msc</subfield></datafield><datafield ind1="0" ind2="4" tag="245"><subfield code="a">The Daily Atlanta register.</subfield></datafield><datafield ind1=" " ind2=" " tag="260"><subfield code="a">Atlanta, Ga. :</subfield><subfield code="b">Brown, Whitner &amp; Co.</subfield></datafield><datafield ind1=" " ind2=" " tag="300"><subfield code="a">v. ;</subfield><subfield code="c">57 cm.</subfield></datafield><datafield ind1=" " ind2=" " tag="310"><subfield code="a">Daily</subfield></datafield><datafield ind1="1" ind2=" " tag="362"><subfield code="a">Began in May 1864? Ceased in 1864.</subfield></datafield><datafield ind1=" " ind2=" " tag="588"><subfield code="a">Description based on: Vol. 3, no. 278 (May 5, 1864).</subfield></datafield><datafield ind1=" " ind2=" " tag="752"><subfield code="a">United States</subfield><subfield code="b">Georgia</subfield><subfield code="c">Fulton</subfield><subfield code="d">Atlanta.</subfield></datafield><datafield ind1="0" ind2="0" tag="780"><subfield code="t">Atlanta daily register</subfield><subfield code="w">(DLC)sn 83026606</subfield></datafield><datafield ind1="0" ind2="0" tag="785"><subfield code="t">Daily register (Augusta, Ga. : 1864)</subfield><subfield code="w">(DLC)sn 82014915</subfield></datafield></record>